@techreport{imego2007,
	author    = {Christer Johansson and Christian Jonasson and Max Erlandsson},
	title     = {{Traffic Detection System, \mbox{Phase 2}}},
	institution = {Imego AB},
	year      = {2007},
	address   = {411 33 G\"{o}teborg, Sweden},
	number    = {110078-rapport-projekt2}
}

@techreport{imego2006,
	author    = {Christer Johansson and Christian Jonasson and Max Erlandsson},
	title     = {{Magnetic Sensors for Traffic Detection}},
	institution = {Imego AB},
	year      = {2006},
	address   = {411 33 G\"{o}teborg, Sweden},
	number    = {110078-rapport}
}

@BOOK{Nordling:1995:PHS,
	title = {{Physics Handbook for Science and Engineering}},
	publisher = {Studentlitteratur},
	year = {2006},
	author = {Carl Nordling and Jonny \"{O}sterman},
	address = {Lund, Sweden},
	acknowledgement = {#ack-nhfb#},
	pages = {503},	month = {April},
	edition = {8:th},
	isbn = {91-44-04453-4},
}

@BOOK{Raade:1995:MHS,
	title = {{Mathematics Handbook for Science and Engineering}},
	publisher = {Studentlitteratur},
	year = {2001},
	author = {Lennart R{\aa}de and Bertil Westergren},
	address = {Lund, Sweden},
	acknowledgement = {#ack-nhfb#},
	pages = {546},
	isbn = {91-44-00839-2},
}

@article{Sorenson1970,
	author = {H. W. Sorenson},
	Journal = {IEEE Spectrum},
	Month = {July},
	Pages = {63-68},
	Title = {{Least-Squares Estimation: from {G}auss to {K}alman}},
	Volume = {7},
	Year = {1970}
}

@book{Maybeck79,
	Publisher={{Academic Press}},
	Address = {New York, USA},
	Author = {Peter S. Maybeck},
	Title = {{Stochastic Models, Estimation, and Control}},
	Volume = {141},
	Series = {{Mathematics in Science and Engineering}},
	Year = {1979}
}

@book{Karl70,
	Author = {Holger Karl and Andreas Willig},
	Title = {{Protocols and Architectures for Wireless Sensor Networks}},
	publisher = {John {W}iley and {S}ons {L}td.},
	year = {2005},
	address = {Hoboken, {USA}},
	isbn = {10 0-470-09510-5},
}


@Misc{caruso,
	author = {Michael J. Caruso and Lucky S. Withanawasam},
	title = {Vehicle {D}etection and {C}ompass {A}pplications using {AMR} {M}agnetic {S}ensors},
	howpublished = {Internet},
	url = {http://www.ssec.honeywell.com},
}

@Misc{whitebook,
	key={whitebook},
	author={{European Commission}},
	title = {{{W}hite {P}apers, {E}uropean Transport Policy for 2010: Time to Decide}},
	publisher = {Office for Official Publications of the European Communities},
	year = {2001},
	isbn = {92-894-0341-1},
	address = {Luxembourg},
	url = {http://europa.eu.int},
}


@Misc{cheung2005-1,
	author = {Sing Yiu Cheung AND Sinem Coleri Ergen AND Pravin Varaiya},
	title = {{Wireless Sensor Networks for Measuring Traffic}},
	howpublished = {Powerpoint, {I}nternet},
	month = {November},
	year = {2005},
	url = {http://paleale.eecs.berkeley.edu/~varaiya/},
}
% papers_ps.dir/051115Cornell.pdf
@MastersThesis{knaian2000,
	author = {Ara N. Knaian},
	title = {A {W}ireless {S}ensor {N}etwork for {S}mart {R}oadbeds and {I}ntelligent {T}ransportation {S}ystems},
	school = {Massachusetts {I}nstitute of {T}echnology},
	year = {2000},
	address = {Boston, USA},
	month = {May},
}

@Misc{chen2004,
	author = {Sing Yiu Cheung AND Sinem Coleri Ergen AND Baris Dundar AND Sumitra Ganesh AND Chin-Woo Tan AND Pravin Varaiya},
	title = {{A Sensor Network for Traffic Monitoring}},
	howpublished = {Powerpoint, {I}nternet},
	year = {2004},
	url = {http://paleale.eecs.berkeley.edu/~varaiya/},
}
% papers_ps.dir/04-04-26IPSNfinal.pdf
@InProceedings{cheung2005-2,
	author = {Sing Yiu Cheung AND Sinem Coleri Ergen AND Baris Dundar AND Sumitra Ganesh AND Chin-Woo Tan AND
Pravin Varaiya},
	title = {{Traffic Measurement and Vehicle Classification with a Single
	Magnetic Sensor}},
	year = {2005},
	series = {84th {A}nnual {M}eeting},
	organization = {Transport {R}esearch {B}oard},
	address = {Washington D.C},
	month = {January},
	url = {http://paleale.eecs.berkeley.edu/~varaiya/}
}

@MastersThesis{arrigault2007,
	author = {S\'{e}gol\`{e}ne Arrigault AND Vaia Zacharaki},
	title = {Design of a {Z}ig{B}ee {M}agnetic {S}ensor {N}ode},
	school = {Chalmers tekniska h\"{o}gskola},
	year = {2007},
	month={June},
	address = {G\"{o}teborg, Sweden},
}

@InProceedings{cheung2005-3,
	author = {Sing Yiu Cheung AND Sinem Coleri Ergen AND Pravin Varaiya},
	title = {Traffic {S}ureveillance with {W}ireless {M}agnetic {S}ensors},
	year = {2005},
	volume = {12th},
	series = {{ITS} {W}orld {C}ongress},
	address = {San Fransisco, USA},
	month = {November},
	url = {http://paleale.eecs.berkeley.edu/~varaiya/},
}
% papers_ps.dir/sensors_its_final9.pdf}}},
 
@PhdThesis{bilstrup2007,
	author = {Katrin Bilstrup},
	title = {{A Survey Regarding Wireless Communication Standards Intended for a High-Speed Vehicle Environment}},
	school = {School of {I}nformation {S}cience},
	year = {2007},
	address = {Halmstad, {S}weden},
	month = {February},
}

@InProceedings{phan1997,
	booktitle={{Computational Cybernetics and Simulation}},
	author = {T. Phan AND B.W. Kwan AND L.J. Tung},
	title = {{Magnetoresistors for Vehicle Detection and Identification}},
	pages = {3839-3843},
	year = {1997},
	series = {{IEEE International Conference on Systems, Man, and Cybernetics}},
	address = {Orlando, FL, USA},
	month = {October},
	organization = {IEEE},
	isbn={0-7803-4053-1},
}

@Manual{an212,
	title = {{Handling Sensor Bridge Offset, Application Note {AN212}}},
	key = {Honeywell},
	organization = {{Honeywell International, Solid State Electronics Center}},
	url = {http://www.ssec.honeywell.com},
}


@Manual{an213,
	title = {{Set/Reset Function for Magnetic Sensors, Application Note {AN213}}},
	key = {Honeywell},
	organization = {{Honeywell International, Solid State Electronics Center}},
	url = {http://www.ssec.honeywell.com},
}

@Manual{an218,
	title = {{Vehicle Detection Using {AMR} Sensors, Application Note {AN218}}},
	key = {Honeywell},
	organization = {{Honeywell International, Solid State Electronics Center}},
	url = {http://www.ssec.honeywell.com},
}

@Manual{hmc1001,
	title = {{1- and 2-axis Magnetic Sensors, HMC1001/1002, HMC1021/1022}},
	key = {Honeywell},
	organization = {{Honeywell International, Solid State Electronics Center}},
	url = {http://www.ssec.honeywell.com},
}

@Manual{hmc1043,
	title = {{3-axis Magnetic Sensor, HMC1043}},
	key = {Honeywell},
	organization = {{Honeywell International, Solid State Electronics Center}},
	url = {http://www.ssec.honeywell.com},
}


@InProceedings{rydstrom2006,
	author = {Mats Rydstr\"{o}m AND Andreu Urruela AND Erik G. Str\"{o}m and Arne Svensson},
	title = {{Autonomous Position Techniques Based on Cram\'{e}r-Rao Lower Bound Analysis}},
	booktitle = {{EURASIP Journal on Applied Signal Processing}},
	pages = {1-10},
	year = {2006},
	number = {93043},
	publisher = {Hindawi Publising Corporation},
}

	author = {Joakim Nilsson},
	title = {Untitled},
	school = {Chalmers tekniska h\"{o}gskola},
	year = {2007},
	OPTkey = {},
	OPTtype = {},
	address = {G\"{o}teborg, Sweden},
	OPTmonth = {},
	OPTnote = {},
	annote = {Qamcom Technology AB}
}
@Manual{hmc2300,
	title = {{Smart Digital Magnetometer, HMR2300}},
	key = {Honeywell},
	organization = {{Honeywell International, Solid State Electronics Center}},
	url = {http://www.ssec.honeywell.com},
}

@MastersThesis{nil2007,
	author = {Joakim Nilsson},
	title = {Untitled},
	school = {Chalmers tekniska h\"{o}gskola},
	year = {2007},
	OPTkey = {},
	OPTtype = {},
	address = {G\"{o}teborg, Sweden},
	OPTmonth = {},
	OPTnote = {},
	annote = {Qamcom Technology AB}
}

@Article{coifman2001,
	author = {Benjamin Coifman AND Sudha Dhoorjaty AND Zu-Hsu Lee},
	title = {{Estimating Median Velocity Instead of Mean Velocity at Single Loop Detectors}},
	journal = {{Transportation Research Part C: Emerging Technologies}},
	year = "2003",
}
%url = "citeseer.ist.psu.edu/397908.html" 
@Article{coifman2000,
	author = {Benjamin Coifman},
	title = {{Improved Velocity Estimation Using Single Loop Detectors}},
	journal = {Transportation Research},
	year = {2001},
}

@TechReport{sun2000,
	author = {Carlos Sun},
	title = {{An Investigation in the Use of Inductive Loop Signatures for Vehicle Classification}},
	institution = {California Partners for Advanced Transit and Highways},
	year = {2000},
	OPTkey = {},
	type = {Research Report},
	number = {UCB-ITS-PRR-2000-4},
	month = {March},
}


@TechReport{caruso1998,
	author = {Michael J. Caruso AND Tamara Bratland and Dr. Carl H. Smith AND Robert Schneider},
	title = {{A New Perspective on Magnetic Field Sensing}},
	institution = {Honeywell SSEC and Nonvolatile Electronics Inc.},
	year = {1998},
	OPTkey = {},
	OPTtype = {},
	OPTnumber = {},
	OPTaddress = {},
	OPTmonth = {},
	url = {http://www.ssec.honeywell.com},
	OPTannote = {}
}
	
@Misc{802.15.4,
	key = {IEEE Standard},
	author = {IEEE Computer Society},
	title = {{802.15.4, Wireless Medium Access Control (MAC) and Physical Layer (PHY) Specifications for Low-Rate Wireless Personal Area Networks (LR-WPANs)}},
	OPThowpublished = {},
	month = {October},
	year = {2003},
	OPTnote = {},
	OPTannote = {}
}

@Misc{zigbee,
	author = {{ZigBee Standards Organization}},
	number = {053474r13},
	title = {{ZigBee Specification}},
	howpublished = {Internet},
	month = {December},
	year = {2006},
	url = {http://www.zigbee.org},
}

@Misc{ripka,
	author ={Pavel Ripka},
	title = {{Magnetic Sensors for Traffic Control}},
	url = {http://measure.feld.cvut.cz/usr/staff/ripka/MagneticSensors.pdf},
}
@Book{sayood,
	author = {Khalid Sayood},
	title = {{Introduction to Data Compression}},
	publisher = {{Morgan Kaufmann}},
	year = {2006},
	address = {{San Fransisco, USA}},
	edition = {3rd},
	isbn = {13: 978-0-12-620862-7},
}

@Book{papoulis1991,
	author = {Athanasios Papoulis},
	title = {{Probability, Random Variables, and Stochastic Processes}},
	publisher = {{McGraw Hill}},
	year = {1991},
	series = {Series in Electrial Engineering},
	address = {Singapore},
	edition = {3rd},
}

@Misc{amparo,
	author = {Henrik Linell AND Leon Nilsson},
	title = {{Amparo Solutions AB, Company Presentation}},
	howpublished = {Powerpoint},
	month = {January},
	year = {2007},
}

@PhdThesis{ali,
	author = {Ali Behravan},
	title = {{Evaluation and Compensation of Nonlinear Distortion in Multicarrier Communication Systems}},
	school = {{Chalmers University of Technology}},
	year = {2006},
	address = {G\"{o}teborg, Sweden},
	month = {May},
}

@TechReport{path2007,
	author = {Sing Yiu Cheung and Pravin Varaiya},
	title = {{Traffic Surveillance by Wireless Sensor Networks: Final Report for PATH TO 5301}},
	institution = {{University of California, Berkely}},
	year = {2007},
	OPTkey = {},
	OPTtype = {},
	OPTnumber = {5301},
	OPTaddress = {},
	month = {January},
	OPTnote = {},
	OPTannote = {},
	url = {http://www.path.berkeley.edu/PATH/Publications/PDF/PRR/2007/PRR-2007-04.pdf},
}


@Misc{runes,
	key = {runes},
	title = {{Reconfigurable Ubiquitous Networked Embedded Systems (RUNES)}},
	howpublished = {Internet},
	month = {September},
	year = {2007},
	url = {http://www.ist-runes.org},
}

@Article{nytimes,
	author = {William J. Broad},
	title = {{Will Compasses Point South?}},
	journal = {New York Times},
	year = {2004},
	month = {July},
	url={http://www.nytimes.com}, 
}
%%2004/07/13/science/13magn.html?ex=1247457600&en=e8f37e14d213ba16&ei=5090&partner=rssuserland}

@Book{cheng,
	author = {David K. Cheng},
	title = {{Fundamentals of Engineering Electromagnetics}},
	publisher = {{Addison-Wesley Publishing Company}},
	year = {1993},
}

@Book{feynman,
	author = {Richard P. Feynman AND Robert B. Leighton AND Matthew Sands},
	ALTeditor = {},
	title = {{The Feynman Lectures on Physics, Mainly Electromagnetism and Matter}},
	publisher = {{Addison-Wesley Publishing Company}},
	year = {1964},
	address = {Reading, Massachusetts},
	edition = {2nd},
}

